@article{EventBasedDQL,
  author    = {Daniel Jarne Ornia and
               Manuel Mazo Jr.},
  title     = {Event-Based Communication in Multi-Agent Distributed Q-Learning},
  journal   = {CoRR},
  volume    = {abs/2109.01417},
  year      = {2021},
  url       = {https://arxiv.org/abs/2109.01417},
  eprinttype = {arXiv},
  eprint    = {2109.01417},
  timestamp = {Mon, 20 Sep 2021 16:29:41 +0200},
  biburl    = {https://dblp.org/rec/journals/corr/abs-2109-01417.bib},
  bibsource = {dblp computer science bibliography, https://dblp.org}
}

@book{bertsekas2019reinforcement,
  title={Reinforcement learning and optimal control},
  author={Bertsekas, Dimitri},
  year={2019},
  publisher={Athena Scientific}
}

@Misc{silver2015,
author = {David Silver},
title = {Lectures on Reinforcement Learning},
howpublished = {\textsc{url:}~\url{https://www.davidsilver.uk/teaching/}},
year = {2015}
}


@article{FederatedRL,
  author    = {Konstantinos Gatsis},
  title     = {Federated Reinforcement Learning at the Edge},
  journal   = {CoRR},
  volume    = {abs/2112.05908},
  year      = {2021},
  url       = {https://arxiv.org/abs/2112.05908},
  eprinttype = {arXiv},
  eprint    = {2112.05908},
  timestamp = {Mon, 03 Jan 2022 15:45:35 +0100},
  biburl    = {https://dblp.org/rec/journals/corr/abs-2112-05908.bib},
  bibsource = {dblp computer science bibliography, https://dblp.org}
}

@article{ComEfficientDRL,
  author    = {Tianyi Chen and
               Kaiqing Zhang and
               Georgios B. Giannakis and
               Tamer Basar},
  title     = {Communication-Efficient Distributed Reinforcement Learning},
  journal   = {CoRR},
  volume    = {abs/1812.03239},
  year      = {2018},
  url       = {http://arxiv.org/abs/1812.03239},
  eprinttype = {arXiv},
  eprint    = {1812.03239},
  timestamp = {Tue, 01 Jan 2019 15:01:25 +0100},
  biburl    = {https://dblp.org/rec/journals/corr/abs-1812-03239.bib},
  bibsource = {dblp computer science bibliography, https://dblp.org}
}